% bmc_article.bib
% 
%  An example of bibtex entries.
%  Entries taken from BMC instructions for authors page.

% uncomment next line to make author-year bibliography
% @settings{label, options="nameyear"}
  

@article{storer2022methodologies,
	title={Methodologies for the De novo Discovery of Transposable Element Families},
	author={Storer, Jessica M and Hubley, Robert and Rosen, Jeb and Smit, Arian FA},
	journal={Genes},
	volume={13},
	number={4},
	pages={709},
	year={2022},
	publisher={Multidisciplinary Digital Publishing Institute}
}

@article{storer2021dfam,
	title={The Dfam community resource of transposable element families, sequence models, and genome annotations},
	author={Storer, Jessica and Hubley, Robert and Rosen, Jeb and Wheeler, Travis J and Smit, Arian F},
	journal={Mobile DNA},
	volume={12},
	number={1},
	pages={1--14},
	year={2021},
	publisher={BioMed Central}
}

@article{ou2019benchmarking,
	title={Benchmarking transposable element annotation methods for creation of a streamlined, comprehensive pipeline},
	author={Ou, Shujun and Su, Weija and Liao, Yi and Chougule, Kapeel and Agda, Jireh RA and Hellinga, Adam J and Lugo, Carlos Santiago Blanco and Elliott, Tyler A and Ware, Doreen and Peterson, Thomas and others},
	journal={Genome biology},
	volume={20},
	number={1},
	pages={1--18},
	year={2019},
	publisher={BioMed Central}
}

@article{flynn2020repeatmodeler2,
	title={RepeatModeler2 for automated genomic discovery of transposable element families},
	author={Flynn, Jullien M and Hubley, Robert and Goubert, Cl{\'e}ment and Rosen, Jeb and Clark, Andrew G and Feschotte, C{\'e}dric and Smit, Arian F},
	journal={Proceedings of the National Academy of Sciences},
	volume={117},
	number={17},
	pages={9451--9457},
	year={2020},
	publisher={National Acad Sciences}
}

@article{bao2015repbase,
	title={Repbase Update, a database of repetitive elements in eukaryotic genomes},
	author={Bao, Weidong and Kojima, Kenji K and Kohany, Oleksiy},
	journal={Mobile Dna},
	volume={6},
	number={1},
	pages={1--6},
	year={2015},
	publisher={Springer}
}

@article{su2019tir,
	title={TIR-Learner, a new ensemble method for TIR transposable element annotation, provides evidence for abundant new transposable elements in the maize genome},
	author={Su, Weijia and Gu, Xun and Peterson, Thomas},
	journal={Molecular plant},
	volume={12},
	number={3},
	pages={447--460},
	year={2019},
	publisher={Elsevier}
}

@article{kempken2001hat,
	title={The hAT family: a versatile transposon group common to plants, fungi, animals, and man},
	author={Kempken, Frank and Windhofer, Frank},
	journal={Chromosoma},
	volume={110},
	number={1},
	pages={1--9},
	year={2001},
	publisher={Springer}
}

@article{warburton2004inverted,
	title={Inverted repeat structure of the human genome: the X-chromosome contains a preponderance of large, highly homologous inverted repeats that contain testes genes},
	author={Warburton, Peter E and Giordano, Joti and Cheung, Fanny and Gelfand, Yefgeniy and Benson, Gary},
	journal={Genome research},
	volume={14},
	number={10a},
	pages={1861--1869},
	year={2004},
	publisher={Cold Spring Harbor Lab}
}

@article{gremme2013genometools,
	title={GenomeTools: a comprehensive software library for efficient processing of structured genome annotations},
	author={Gremme, Gordon and Steinbiss, Sascha and Kurtz, Stefan},
	journal={IEEE/ACM transactions on computational biology and bioinformatics},
	volume={10},
	number={3},
	pages={645--656},
	year={2013},
	publisher={IEEE}
}

@article{shi2019generic,
	title={Generic repeat finder: a high-sensitivity tool for genome-wide de novo repeat detection},
	author={Shi, Jieming and Liang, Chun},
	journal={Plant physiology},
	volume={180},
	number={4},
	pages={1803--1815},
	year={2019},
	publisher={American Society of Plant Biologists}
}

@article{wicker2007unified,
	title={A unified classification system for eukaryotic transposable elements},
	author={Wicker, Thomas and Sabot, Fran{\c{c}}ois and Hua-Van, Aur{\'e}lie and Bennetzen, Jeffrey L and Capy, Pierre and Chalhoub, Boulos and Flavell, Andrew and Leroy, Philippe and Morgante, Michele and Panaud, Olivier and others},
	journal={Nature Reviews Genetics},
	volume={8},
	number={12},
	pages={973--982},
	year={2007},
	publisher={Nature Publishing Group}
}

@article{kapitonov2007helitrons,
	title={Helitrons on a roll: eukaryotic rolling-circle transposons},
	author={Kapitonov, Vladimir V and Jurka, Jerzy},
	journal={TRENDS in Genetics},
	volume={23},
	number={10},
	pages={521--529},
	year={2007},
	publisher={Elsevier}
}

@article{xiong2014helitronscanner,
	title={HelitronScanner uncovers a large overlooked cache of Helitron transposons in many plant genomes},
	author={Xiong, Wenwei and He, Limei and Lai, Jinsheng and Dooner, Hugo K and Du, Chunguang},
	journal={Proceedings of the National Academy of Sciences},
	volume={111},
	number={28},
	pages={10263--10268},
	year={2014},
	publisher={National Acad Sciences}
}